@book{humphreys1992reflection,
  title={Reflection groups and Coxeter groups},
  author={Humphreys, James E},
  volume={29},
  year={1992},
  publisher={Cambridge university press}
}